@inproceedings{altiero2023ai,
  title={AI-Based Fault-Proneness Metrics for Source Code Changes},
  author={Altiero, Francesco and Corazza, Anna and Di Martino, Sergio and Peron, Adriano and Starace, Luigi LL},
  booktitle={International Conference on Software Process and Product Measurement (IWSM/MENSURA)},
  volume={23},
  year={2023}
}

@article{feng2020codebert,
  title={Codebert: A pre-trained model for programming and natural languages},
  author={Feng, Zhangyin and Guo, Daya and Tang, Duyu and Duan, Nan and Feng, Xiaocheng and Gong, Ming and Shou, Linjun and Qin, Bing and Liu, Ting and Jiang, Daxin and others},
  journal={arXiv preprint arXiv:2002.08155},
  year={2020}
}


@inproceedings{hoang2020cc2vec,
  title={Cc2vec: Distributed representations of code changes},
  author={Hoang, Thong and Kang, Hong Jin and Lo, David and Lawall, Julia},
  booktitle={Proceedings of the ACM/IEEE 42nd International Conference on Software Engineering},
  pages={518--529},
  year={2020}
}

@inproceedings{moschitti2006making,
  title={Making tree kernels practical for natural language learning},
  author={Moschitti, Alessandro},
  booktitle={11th conference of the European Chapter of the Association for Computational Linguistics},
  pages={113--120},
  year={2006}
}

@article{fenton1999critique,
  title={A critique of software defect prediction models},
  author={Fenton, Norman E and Neil, Martin},
  journal={IEEE Transactions on software engineering},
  volume={25},
  number={5},
  pages={675--689},
  year={1999},
  publisher={IEEE}
}

@article{gondra2008applying,
  title={Applying machine learning to software fault-proneness prediction},
  author={Gondra, Iker},
  journal={Journal of Systems and Software},
  volume={81},
  number={2},
  pages={186--195},
  year={2008},
  publisher={Elsevier}
}

@article{ouellet2023combining,
  title={Combining object-oriented metrics and centrality measures to predict faults in object-oriented software: An empirical validation},
  author={Ouellet, Alexandre and Badri, Mourad},
  journal={Journal of Software: Evolution and Process},
  pages={e2548},
  year={2023},
  publisher={Wiley Online Library}
}

@article{guo2020graphcodebert,
  title={Graphcodebert: Pre-training code representations with data flow},
  author={Guo, Daya and Ren, Shuo and Lu, Shuai and Feng, Zhangyin and Tang, Duyu and Liu, Shujie and Zhou, Long and Duan, Nan and Svyatkovskiy, Alexey and Fu, Shengyu and others},
  journal={arXiv preprint arXiv:2009.08366},
  year={2020}
}

@article{ligraphplbart,
  title={GraphPLBART: Code Summarization Based on Graph Embedding and Pre-Trained Model},
  author={Li, Jie and Zhu, Hao and Li, Lixuan and Zhang, Xiaofang}
}

@article{kozlov2013fault,
  title={Fault-proneness of open source software: Exploring its relations to internal software quality and maintenance process},
  author={Kozlov, Denis and Koskinen, Jussi and others},
  journal={The Open Software Engineering Journal},
  volume={7},
  number={1},
  year={2013}
}

@article{spinellis2012git,
  title={Git},
  author={Spinellis, Diomidis},
  journal={IEEE software},
  volume={29},
  number={3},
  pages={100--101},
  year={2012},
  publisher={IEEE}
}

@article{torley2008expressiveness,
  title={Expressiveness of programming languages and environments: a comparative study, in},
  author={T{\"o}rley, G{\'a}bor},
  journal={Teaching mathematics and computer science},
  volume={6},
  pages={111--141},
  year={2008}
}